@article{Boyd:2011,
 author = {Boyd, S. and Parikh, N. and Chu, E. and Peleato, B. and Eckstein, J.},
 title = {Distributed Optimization and Statistical Learning via the Alternating Direction Method of Multipliers},
 journal = {Found. Trends Mach. Learn.},
FJOURNAL = {Foundations and Trends in Machine Learning},
 volume = {3},
 year = {2011},
 issn = {1935-8237},
 pages = {1--122},
@ number = {1},
} 

@article{Castellanos:2013,
title = "Clinical applications of the functional connectome ",
journal = "NeuroImage ",
volume = "80",
number = "0",
pages = "527 - 540",
year = "2013",
author = "F. X. Castellanos and A. D. Martino and R. C. Craddock and A. D. Mehta and M. P. Milham",
}

@article{Grosenick:2013,
title = "Interpretable whole-brain prediction analysis with {GraphNet}",
journal = "NeuroImage",
volume = "72",
number = "0",
pages = "304 - 321",
year = "2013",
author = "L. Grosenick and B. Klingenberg and K. Katovich and B. Knutson and J. E. Taylor"
}

@article{Obozinski:2010,
 author = {Obozinski, Guillaume and Taskar, Ben and Jordan, Michael I.},
 title = {Joint covariate selection and joint subspace selection for multiple classification problems},
 fjournal = {Statistics and Computing},
 journal = {Stat. Comput.},
 volume = {20},
 number = {2},
 year = {2010},
 pages = {231--252},
} 

@ARTICLE{Michel:2011, 
author={Michel, V. and Gramfort, A. and Varoquaux, G. and Eger, E. and Thirion, B.}, 
journal={IEEE Trans. Med. Imag.}, 
title={Total Variation Regularization for {fMRI}-Based Prediction of Behavior}, 
year={2011}, 
volume={30}, 
number={7}, 
pages={1328-1340}, 
}

@article{Yeo:2011,
title={The organization of the human cerebral cortex estimated by intrinsic functional connectivity.},
author={Yeo, B.T.T. and Krienen, F.M. and Sepulcre, J. and Sabuncu, M.R. and Lashkari, D. and Hollinshead, M. and Roffman, J.L. and Smoller, J.W. and Z\"ollei, L. and Polimeni, J.R. and Fischl, B. and Liu, H. and Buckner, R.L.},
JOURNAL={J. Neurophysiol.},
FJOURNAL={Journal of Neurophysiology},
volume={106},
number={3},
pages={1125-65},
year={2011},
}

@article{Watanabe:2014,
title = "Disease prediction based on functional connectomes using a scalable and spatially-informed support vector machine ",
journal = "NeuroImage ",
volume = "96",
number = "0",
pages = "183 - 202",
year = "2014",
note = "",
issn = "1053-8119",
author = "Takanori Watanabe and Daniel Kessler and Clayton Scott and Michael Angstadt and Chandra Sripada",
}

@article{Heinzle:2012,
author = {Heinzle, Jakob and Wenzel, Markus A. and Haynes, John-Dylan}, 
title = {Visuomotor Functional Network Topology Predicts Upcoming Tasks},
volume = {32}, 
number = {29}, 
pages = {9960-9968}, 
year = {2012}, 
FJOURNAL = {The Journal of Neuroscience} ,
 JOURNAL = {J. Neurosci.},
}

@article{ADHD200,
 JOURNAL = {Front. Syst. Neurosci.},            
FJOURNAL={Frontiers in Systems Neuroscience},         
    number = {62},
    title = {a model to advance the translational potential of neuroimaging in clinical neuroscience},
    @title = {The {ADHD}-200 consortium: a model to advance the translational potential of neuroimaging in clinical neuroscience},
    volume = {6},
    year = {2012},
    author = {{The ADHD-200 Consortium}},
}

@ARTICLE{Pan:2010, 
author={Sinno Jialin Pan and Qiang Yang}, 
journal={IEEE Trans. Knowl. Data Eng.}, 
FJOURNAL={Knowledge and Data Engineering, IEEE Transactions on}, 
title={A Survey on Transfer Learning}, 
year={2010}, 
volume={22}, 
number={10}, 
pages={1345-1359}, }

@ARTICLE{Poline:2012,
 AUTHOR={Poline, Jean-Baptiste  and  Breeze, Janis L  and  Ghosh, Satrajit S  and  Gorgolewski, Krzysztof  and  Halchenko, Yaroslav O  and  Hanke, Michael  and  Helmer, Karl G  and  Marcus, Daniel S  and  Poldrack, Russell A  and  Schwartz, Yannick  and  Ashburner, John  and  Kennedy, David N},        
TITLE={Data sharing in neuroimaging research},          
 JOURNAL = {Front.  Neuroinformatics},   
FJOURNAL={Frontiers in Neuroinformatics},          
VOLUME={6},          
YEAR={2012},          
NUMBER={9},     
}

@article{Marquand:2014,
title = "Bayesian multi-task learning for decoding multi-subject neuroimaging data ",
journal = "NeuroImage ",
volume = "92",
number = "0",
pages = "298 - 311",
year = "2014",
note = "",
issn = "1053-8119",
author = "Andre Marquand and Michael Brammer and Steven Williams and Orla Doyle",
}

@article{Castellanos:2012,
title = "Large-scale brain systems in {ADHD}: beyond the prefrontalâ€“striatal model ",
fjournal = "Trends in Cognitive Sciences ",
journal="Trends Cogn. Sci.",
volume = "16",
@number = "1",
pages = "17",
year = "2012",
author = "F. Castellanos and Erika Proal"
}


@article{Rasmussen:2012,
title = "Model sparsity and brain pattern interpretation of classification models in neuroimaging ",
journal = "Pattern Recognition ",
volume = "45",
number = "6",
pages = "2085 - 2100",
year = "2012",
author = "Peter M. Rasmussen and Lars K. Hansen and Kristoffer H. Madsen and Nathan W. Churchill and Stephen C. Strother",
}

@ARTICLE{Baldassarre:2012, 
author={Baldassarre, L. and Mourao-Miranda, J. and Pontil, M.}, 
journal={Proc. PRNI}, 
title={Structured Sparsity Models for Brain Decoding from {fMRI} Data}, 
year={2012}, 
pages={5-8}, 
}

@inproceedings{Chen:2012b,
  author    = {Xi Chen and Jingrui He and Lawrence and Jaime G. Carbonell},
  title     = {Adaptive Multi-task Sparse Learning with an Application to {fMRI} Study},
  booktitle = {SDM},
  year      = {2012},
}

@article{Rao:2013,
  author = {Rao, Nikhil S. and Cox, Christopher R. and Nowak, Robert D. and Rogers, Timothy T.},
  journal = {NIPS},
  pages = {2202-2210},
  title = {Sparse Overlapping Sets Lasso for Multitask Learning and its Application to {fMRI} Analysis.},
  year = 2013
}

